@online{desmos,
title={Desmos Graphing Calculator},
subtitle={Tipping Velocity},
url={https://www.desmos.com/calculator/mp2il2onjz},
author={Gerard Cirera},
year={2018},
month={1}
}
@manual{mabuchi,
	title={Model Fc-280sa - Carbon-brush Motors},
	url={https://cdn.thomasnet.com/ccp/01311683/111062.pdf},
	author={{Mabuchi Motor Co., Ltd.}},
	publisher={ThomasNet},
	date={2014},
	month={10},
}
@misc{railrider,
	title={Rail Rider},
	subtitle={Background: The Benefits and Perils of Rail Transport},
	url={https://connect.ubc.ca/bbcswebdav/pid-4293303-dt-content-rid-24660876_1/courses/CL.UBC.MECH.220.101.2017W1.99635/223-Rail%20Rider-Specifications%202.0.pdf},
	author={Peter Ostafichuk and Agnes d'Entremont and Markus Fengler},
	year={2018},
	month={1},
}

